@inproceedings{Pagano:2013:UIS:2486788.2486920,
 author = {Pagano, Dennis and Br\"{u}gge, Bernd},
 title = {User Involvement in Software Evolution Practice: A Case Study},
 booktitle = {Proceedings of the 2013 International Conference on Software Engineering},
 series = {ICSE '13},
 year = {2013},
 isbn = {978-1-4673-3076-3},
 location = {San Francisco, CA, USA},
 pages = {953--962},
 numpages = {10},
 url = {http://dl.acm.org/citation.cfm?id=2486788.2486920},
 acmid = {2486920},
 publisher = {IEEE Press},
 address = {Piscataway, NJ, USA},
} 

@INPROCEEDINGS{Guzman:2014:RE, 
author={E. Guzman and W. Maalej}, 
booktitle={2014 IEEE 22nd International Requirements Engineering Conference (RE)}, 
title={How Do Users Like This Feature? A Fine Grained Sentiment Analysis of App Reviews}, 
year={2014}, 
pages={153-162}, 
keywords={Internet;feature extraction;formal specification;information filtering;natural language processing;Apple App Store;Google Play Store;app developers;app reviews;app stores;downloaded apps;features extraction;fine grained sentiment analysis;fine-grained app features;natural language processing techniques;peer-conducted analysis;requirements evolution tasks;star ratings;text reviews;topic modeling techniques;user feedback;user requirements;user reviews aggregate;user reviews analyze;user reviews filter;user sentiments;Dictionaries;Educational institutions;Encoding;Feature extraction;Google;Manuals;Sentiment analysis}, 
doi={10.1109/RE.2014.6912257}, 
ISSN={1090-705X}, 
month={Aug},}

@incollection{DBLP:reference/ml/Ting17c,
  author    = {Kai Ming Ting},
  title     = {Precision and Recall},
  booktitle = {Encyclopedia of Machine Learning and Data Mining},
  pages     = {990--991},
  year      = {2017},
  crossref  = {DBLP:reference/ml/2017},
  url       = {http://dx.doi.org/10.1007/978-1-4899-7687-1_659},
  doi       = {10.1007/978-1-4899-7687-1_659},
  timestamp = {Tue, 18 Apr 2017 14:33:38 +0200},
  biburl    = {http://dblp.uni-trier.de/rec/bib/reference/ml/Ting17c},
  bibsource = {dblp computer science bibliography, http://dblp.org}
}

@article{Yen:2009,
	author = {Yen, Show-Jane and Lee, Yue-Shi},
	title = {Cluster-based Under-sampling Approaches for Imbalanced Data Distributions},
	journal = {Expert Syst. Appl.},
	issue_date = {April, 2009},
	volume = {36},
	number = {3},
	month = apr,
	year = {2009},
	issn = {0957-4174},
	pages = {5718--5727},
	numpages = {10},
	url = {http://dx.doi.org/10.1016/j.eswa.2008.06.108},
	doi = {10.1016/j.eswa.2008.06.108},
	acmid = {1498466},
	publisher = {Pergamon Press, Inc.},
	address = {Tarrytown, NY, USA},
	keywords = {Classification, Data mining, Imbalanced data distribution, Under-sampling},
} 

@book{DBLP:reference/ml/2017,
  editor    = {Claude Sammut and
               Geoffrey I. Webb},
  title     = {Encyclopedia of Machine Learning and Data Mining},
  publisher = {Springer},
  year      = {2017},
  url       = {http://dx.doi.org/10.1007/978-1-4899-7687-1},
  doi       = {10.1007/978-1-4899-7687-1},
  isbn      = {978-1-4899-7685-7},
  timestamp = {Tue, 18 Apr 2017 14:33:38 +0200},
  biburl    = {http://dblp.uni-trier.de/rec/bib/reference/ml/2017},
  bibsource = {dblp computer science bibliography, http://dblp.org}
}

@ARTICLE{Khalid:2015:IEEE, 
author={H. Khalid and E. Shihab and M. Nagappan and A. E. Hassan}, 
journal={IEEE Software}, 
title={What Do Mobile App Users Complain About?}, 
year={2015}, 
volume={32}, 
number={3}, 
pages={70-77}, 
keywords={mobile computing;operating systems (computers);app crashes;app stores;ethical issues;feature requests;frequent complaints;functional errors;iOS apps;mobile App users;mobile app quality;privacy issues;quality assurance resources;user complaints;Computer applications;Computer crashes;Mobile communication;Privacy;Quality assurance;Software engineering;Software quality;Tagging;mobile applications;quality assurance;software engineering;software quality;user reviews}, 
doi={10.1109/MS.2014.50}, 
ISSN={0740-7459}, 
month={May},}

@book{BaezaYates:1999,
	author = {Baeza-Yates, Ricardo A. and Ribeiro-Neto, Berthier},
	title = {Modern Information Retrieval},
	year = {1999},
	isbn = {020139829X},
	publisher = {Addison-Wesley Longman Publishing Co., Inc.},
	address = {Boston, MA, USA},
} 

@book{Geisser:1993,
	author = {Geisser, Seymour},
	title = {Predictive inference: an introduction},
	year = {1993},
	publisher = {Chapman \& Hall},
	address = {New York, USA},
} 

@article{CapobiancoLOPP13,
	author    = {Giovanni Capobianco and
	Andrea De Lucia and
	Rocco Oliveto and
	Annibale Panichella and
	Sebastiano Panichella},
	title     = {Improving IR-based traceability recovery via noun-based indexing of
	software artifacts},
	journal   = {Journal of Software: Evolution and Process},
	volume    = {25},
	number    = {7},
	pages     = {743--762},
	year      = {2013}
}

@article{Mernik:2005,
	author = {Mernik, Marjan and Heering, Jan and Sloane, Anthony M.},
	title = {When and How to Develop Domain-specific Languages},
	journal = {ACM Comput. Surv.},
	issue_date = {December 2005},
	volume = {37},
	number = {4},
	month = dec,
	year = {2005},
	issn = {0360-0300},
	pages = {316--344},
	numpages = {29},
	url = {http://doi.acm.org/10.1145/1118890.1118892},
	doi = {10.1145/1118890.1118892},
	acmid = {1118892},
	publisher = {ACM},
	address = {New York, NY, USA},
	keywords = {Domain-specific language, application language, domain analysis, language development system},
} 

@INPROCEEDINGS{Pagano:2013:RE, 
author={D. Pagano and W. Maalej}, 
booktitle={2013 21st IEEE International Requirements Engineering Conference (RE)}, 
title={User feedback in the appstore: An empirical study}, 
year={2013}, 
pages={125-134}, 
keywords={Internet;formal verification;human factors;systems analysis;Apple AppStore;Google Play;application distribution platforms;feedback content;negative feedback;positive messages;requirements engineering teams;software teams;user community;Catalogs;Communities;Games;Google;Navigation;Social network services;Software;mobile requirements;user feedback;user needs}, 
doi={10.1109/RE.2013.6636712}, 
ISSN={1090-705X}, 
month={July},}

@INPROCEEDINGS{Kochhar:2015, 
author={P. S. Kochhar and F. Thung and N. Nagappan and T. Zimmermann and D. Lo}, 
booktitle={2015 IEEE 8th International Conference on Software Testing, Verification and Validation (ICST)}, 
title={Understanding the Test Automation Culture of App Developers}, 
year={2015}, 
pages={1-10}, 
keywords={mobile computing;program testing;smart phones;software development management;Android app developers;F-Droid;GitHub;Microsoft;Windows app developers;automated testing tools;executable test cases;in-house tools;open-source Android apps;smartphone applications;test automation culture;testing practices;Androids;Automation;Electronic mail;Face;Humanoid robots;Testing}, 
doi={10.1109/ICST.2015.7102609}, 
ISSN={2159-4848}, 
month={April},}

@INPROCEEDINGS{Joorabchi, 
author={M. E. Joorabchi and A. Mesbah and P. Kruchten}, 
booktitle={2013 ACM / IEEE International Symposium on Empirical Software Engineering and Measurement}, 
title={Real Challenges in Mobile App Development}, 
year={2013}, 
pages={15-24}, 
keywords={mobile computing;smart phones;grounded theory approach;mobile app development;mobile development community;mobile devices;smartphones;Androids;Companies;Humanoid robots;Interviews;Mobile communication;Smart phones;Testing;mobile app development;mobile platforms;qualitative study}, 
doi={10.1109/ESEM.2013.9}, 
ISSN={1949-3770}, 
month={Oct},}

@inproceedings{Tian:2015:ICSE,
 author = {Tian, Yuan and Nagappan, Meiyappan and Lo, David and Hassan, Ahmed E.},
 title = {What Are the Characteristics of High-rated Apps? A Case Study on Free Android Applications},
 booktitle = {Proceedings of the 2015 IEEE International Conference on Software Maintenance and Evolution (ICSME)},
 series = {ICSME '15},
 year = {2015},
 isbn = {978-1-4673-7532-0},
 pages = {301--310},
 numpages = {10},
 url = {http://dx.doi.org/10.1109/ICSM.2015.7332476},
 doi = {10.1109/ICSM.2015.7332476},
 acmid = {2881396},
 publisher = {IEEE Computer Society},
 address = {Washington, DC, USA},
} 

@inproceedings{Corral:2015,
 author = {Corral, Luis and Fronza, Ilenia},
 title = {Better Code for Better Apps: A Study on Source Code Quality and Market Success of Android Applications},
 booktitle = {Proceedings of the Second ACM International Conference on Mobile Software Engineering and Systems},
 series = {MOBILESoft '15},
 year = {2015},
 isbn = {978-1-4799-1934-5},
 location = {Florence, Italy},
 pages = {22--32},
 numpages = {11},
 url = {http://dl.acm.org/citation.cfm?id=2825041.2825045},
 acmid = {2825045},
 publisher = {IEEE Press},
 address = {Piscataway, NJ, USA},
 keywords = {app, code, market, mobile, quality, store},
} 

@INPROCEEDINGS{icsme15:cristal, 
author={F. Palomba and M. Linares-Vásquez and G. Bavota and R. Oliveto and M. Di Penta and D. Poshyvanyk and A. De Lucia}, 
booktitle={2015 IEEE International Conference on Software Maintenance and Evolution (ICSME)}, 
title={User reviews matter! Tracking crowdsourced reviews to support evolution of successful apps}, 
year={2015}, 
pages={291-300}, 
doi={10.1109/ICSM.2015.7332475}, 
month={Sept},}

@inproceedings{Choudhary:2015:ATI:2916135.2916273,
 author = {Choudhary, Shauvik Roy and Gorla, Alessandra and Orso, Alessandro},
 title = {Automated Test Input Generation for Android: Are We There Yet? (E)},
 booktitle = {Proceedings of the 2015 30th IEEE/ACM International Conference on Automated Software Engineering (ASE)},
 series = {ASE '15},
 year = {2015},
 isbn = {978-1-5090-0025-8},
 pages = {429--440},
 numpages = {12},
 url = {http://dx.doi.org/10.1109/ASE.2015.89},
 doi = {10.1109/ASE.2015.89},
 acmid = {2916273},
 publisher = {IEEE Computer Society},
 address = {Washington, DC, USA},
} 

@inproceedings{Linares-Vasquez:2015,
 author = {Linares-V\'{a}squez, Mario and White, Martin and Bernal-C\'{a}rdenas, Carlos and Moran, Kevin and Poshyvanyk, Denys},
 title = {Mining Android App Usages for Generating Actionable GUI-based Execution Scenarios},
 booktitle = {Proceedings of the 12th Working Conference on Mining Software Repositories},
 series = {MSR '15},
 year = {2015},
 isbn = {978-0-7695-5594-2},
 location = {Florence, Italy},
 pages = {111--122},
 numpages = {12},
 url = {http://dl.acm.org/citation.cfm?id=2820518.2820534},
 acmid = {2820534},
 publisher = {IEEE Press},
 address = {Piscataway, NJ, USA},
 keywords = {GUI models, mining execution traces and event logs, mobile apps, statistical language models},
} 

@inproceedings{DBLP:conf/wcre/CiurumeleaSPG17,
  author    = {Adelina Ciurumelea and
               Andreas Schaufelbuhl and
               Sebastiano Panichella and
               Harald C. Gall},
  title     = {Analyzing reviews and code of mobile apps for better release planning},
  booktitle = {{SANER}},
  pages     = {91--102},
  publisher = {{IEEE} Computer Society},
  year      = {2017}
}

@inproceedings{SorboPASVCG16,
  author    = {Andrea Di Sorbo and
               Sebastiano Panichella and
               Carol V. Alexandru and
               Junji Shimagaki and
               Corrado Aaron Visaggio and
               Gerardo Canfora and
               Harald C. Gall},
  title     = {What would users change in my app? Summarizing app reviews for recommending
               software changes},
  booktitle = {Proceedings of the 24th {ACM} {SIGSOFT} International Symposium on
               Foundations of Software Engineering, {FSE} 2016, Seattle, WA, USA,
               November 13-18, 2016},
  pages     = {499--510},
  year      = {2016},
  crossref  = {DBLP:conf/sigsoft/2016},
  url       = {http://doi.acm.org/10.1145/2950290.2950299},
  doi       = {10.1145/2950290.2950299},
  timestamp = {Tue, 22 Nov 2016 12:21:28 +0100},
  biburl    = {http://dblp.uni-trier.de/rec/bib/conf/sigsoft/SorboPASVCG16},
  bibsource = {dblp computer science bibliography, http://dblp.org}
}

@inproceedings{Villarroel:2016:RPM:2884781.2884818,
 author = {Villarroel, Lorenzo and Bavota, Gabriele and Russo, Barbara and Oliveto, Rocco and Di Penta, Massimiliano},
 title = {Release Planning of Mobile Apps Based on User Reviews},
 booktitle = {Proceedings of the 38th International Conference on Software Engineering},
 series = {ICSE '16},
 year = {2016},
 isbn = {978-1-4503-3900-1},
 location = {Austin, Texas},
 pages = {14--24},
 numpages = {11},
 url = {http://doi.acm.org/10.1145/2884781.2884818},
 doi = {10.1145/2884781.2884818},
 acmid = {2884818},
 publisher = {ACM},
 address = {New York, NY, USA},
 keywords = {mining software repositories, mobile apps, release planning},
} 

@article{journals/software/AmalfitanoFTTM15,
  added-at = {2016-01-12T00:00:00.000+0100},
  author = {Amalfitano, Domenico and Fasolino, Anna Rita and Tramontana, Porfirio and Ta, Bryan Dzung and Memon, Atif M.},
  biburl = {https://www.bibsonomy.org/bibtex/27c5d2f57b4f550c61ef88f3e100ddc95/dblp},
  ee = {http://doi.ieeecomputersociety.org/10.1109/MS.2014.55},
  interhash = {1469518783a7e4c989f4d5c72ec6cf70},
  intrahash = {7c5d2f57b4f550c61ef88f3e100ddc95},
  journal = {IEEE Software},
  keywords = {dblp},
  number = 5,
  pages = {53-59},
  timestamp = {2016-01-13T11:45:14.000+0100},
  title = {MobiGUITAR: Automated Model-Based Testing of Mobile Apps.},
  url = {http://dblp.uni-trier.de/db/journals/software/software32.html#AmalfitanoFTTM15},
  volume = 32,
  year = 2015
}

@inproceedings{DBLP:conf/icst/MoranVBVP16,
  author    = {Kevin Moran and
               Mario Linares V{\'{a}}squez and
               Carlos Bernal{-}C{\'{a}}rdenas and
               Christopher Vendome and
               Denys Poshyvanyk},
  title     = {Automatically Discovering, Reporting and Reproducing Android Application
               Crashes},
  booktitle = {2016 {IEEE} International Conference on Software Testing, Verification
               and Validation, {ICST} 2016, Chicago, IL, USA, April 11-15, 2016},
  pages     = {33--44},
  year      = {2016},
  crossref  = {DBLP:conf/icst/2016},
  url       = {http://dx.doi.org/10.1109/ICST.2016.34},
  doi       = {10.1109/ICST.2016.34},
  timestamp = {Tue, 26 Jul 2016 16:03:32 +0200},
  biburl    = {http://dblp.uni-trier.de/rec/bib/conf/icst/MoranVBVP16},
  bibsource = {dblp computer science bibliography, http://dblp.org}
}

@proceedings{DBLP:conf/icst/2016,
  title     = {2016 {IEEE} International Conference on Software Testing, Verification
               and Validation, {ICST} 2016, Chicago, IL, USA, April 11-15, 2016},
  publisher = {{IEEE} Computer Society},
  year      = {2016},
  url       = {http://ieeexplore.ieee.org/xpl/mostRecentIssue.jsp?punumber=7510576},
  isbn      = {978-1-5090-1827-7},
  timestamp = {Tue, 26 Jul 2016 15:49:45 +0200},
  biburl    = {http://dblp.uni-trier.de/rec/bib/conf/icst/2016},
  bibsource = {dblp computer science bibliography, http://dblp.org}
}

@inproceedings{Panichella:2015:IIM:2881297.2881394,
 author = {Panichella, Sebastiano and Di Sorbo, Andrea and Guzman, Emitza and Visaggio, Corrado A. and Canfora, Gerardo and Gall, Harald C.},
 title = {How Can I Improve My App? Classifying User Reviews for Software Maintenance and Evolution},
 booktitle = {Proceedings of the 2015 IEEE International Conference on Software Maintenance and Evolution (ICSME)},
 series = {ICSME '15},
 year = {2015},
 isbn = {978-1-4673-7532-0},
 pages = {281--290},
 numpages = {10},
 url = {http://dx.doi.org/10.1109/ICSM.2015.7332474},
 doi = {10.1109/ICSM.2015.7332474},
 acmid = {2881394},
 publisher = {IEEE Computer Society},
 address = {Washington, DC, USA},
} 

@ARTICLE{Khalid:2015:IEEE, 
author={H. Khalid and E. Shihab and M. Nagappan and A. E. Hassan}, 
journal={IEEE Software}, 
title={What Do Mobile App Users Complain About?}, 
year={2015}, 
volume={32}, 
number={3}, 
pages={70-77}, 
keywords={mobile computing;operating systems (computers);app crashes;app stores;ethical issues;feature requests;frequent complaints;functional errors;iOS apps;mobile App users;mobile app quality;privacy issues;quality assurance resources;user complaints;Computer applications;Computer crashes;Mobile communication;Privacy;Quality assurance;Software engineering;Software quality;Tagging;mobile applications;quality assurance;software engineering;software quality;user reviews}, 
doi={10.1109/MS.2014.50}, 
ISSN={0740-7459}, 
month={May},}

@inproceedings{Mahmood:2014:ESE,
 author = {Mahmood, Riyadh and Mirzaei, Nariman and Malek, Sam},
 title = {EvoDroid: Segmented Evolutionary Testing of Android Apps},
 booktitle = {Proceedings of the 22Nd ACM SIGSOFT International Symposium on Foundations of Software Engineering},
 series = {FSE 2014},
 year = {2014},
 isbn = {978-1-4503-3056-5},
 location = {Hong Kong, China},
 pages = {599--609},
 numpages = {11},
 url = {http://doi.acm.org/10.1145/2635868.2635896},
 doi = {10.1145/2635868.2635896},
 acmid = {2635896},
 publisher = {ACM},
 address = {New York, NY, USA},
 keywords = {Android, Evolutionary Testing, Program Analysis},
} 

@INPROCEEDINGS{Harman:MSR:2012, 
author={M. Harman and Y. Jia and Y. Zhang}, 
booktitle={2012 9th IEEE Working Conference on Mining Software Repositories (MSR)}, 
title={App store mining and analysis: MSR for app stores}, 
year={2012}, 
pages={108-111}, 
keywords={data mining;pricing;software development management;software packages;Blackberry app store;app download;app store MSR;app store analysis;app store mining;business aspect;customer aspect;customer rating;customer review;data mining;feature information extraction;pricing;software repository mining;technical aspect;Business;Clustering algorithms;Correlation;Data mining;Feature extraction;Measurement;Software}, 
doi={10.1109/MSR.2012.6224306}, 
ISSN={2160-1852}, 
month={June},}

@ARTICLE{Martin:tse2017, 
author={W. Martin and F. Sarro and Y. Jia and Y. Zhang and M. Harman}, 
journal={IEEE Transactions on Software Engineering}, 
title={A Survey of App Store Analysis for Software Engineering}, 
year={2016}, 
volume={PP}, 
number={99}, 
pages={1-1}, 
keywords={Ecosystems;Google;Market research;Mobile communication;Security;Software;Software engineering;API;App Store;analysis;ecosystem;feature;mining;release planning;requirements engineering;reviews;security}, 
doi={10.1109/TSE.2016.2630689}, 
ISSN={0098-5589}, 
month={},}

@inproceedings{Machiry:2013:DIG:2491411.2491450,
 author = {Machiry, Aravind and Tahiliani, Rohan and Naik, Mayur},
 title = {Dynodroid: An Input Generation System for Android Apps},
 booktitle = {Proceedings of the 2013 9th Joint Meeting on Foundations of Software Engineering},
 series = {ESEC/FSE 2013},
 year = {2013},
 isbn = {978-1-4503-2237-9},
 location = {Saint Petersburg, Russia},
 pages = {224--234},
 numpages = {11},
 url = {http://doi.acm.org/10.1145/2491411.2491450},
 doi = {10.1145/2491411.2491450},
 acmid = {2491450},
 publisher = {ACM},
 address = {New York, NY, USA},
 keywords = {Android, GUI testing, testing event-driven programs},
} 

@inproceedings{Chen:2014:AMI:2568225.2568263,
 author = {Chen, Ning and Lin, Jialiu and Hoi, Steven C. H. and Xiao, Xiaokui and Zhang, Boshen},
 title = {AR-miner: Mining Informative Reviews for Developers from Mobile App Marketplace},
 booktitle = {Proceedings of the 36th International Conference on Software Engineering},
 series = {ICSE 2014},
 year = {2014},
 isbn = {978-1-4503-2756-5},
 location = {Hyderabad, India},
 pages = {767--778},
 numpages = {12},
 url = {http://doi.acm.org/10.1145/2568225.2568263},
 doi = {10.1145/2568225.2568263},
 acmid = {2568263},
 publisher = {ACM},
 address = {New York, NY, USA},
 keywords = {User feedback, data mining, mobile application, user reviews},
} 

@INPROCEEDINGS{7476770, 
author={M. Nagappan and E. Shihab}, 
booktitle={2016 IEEE 23rd International Conference on Software Analysis, Evolution, and Reengineering (SANER)}, 
title={Future Trends in Software Engineering Research for Mobile Apps}, 
year={2016}, 
volume={5}, 
pages={21-32}, 
keywords={mobile computing;software engineering;mobile apps developers;mobile devices;nonfunctional requirements;software applications;software development life-cycle;software engineering research;Feature extraction;Google;Mobile communication;Smart phones;Software;Software engineering;Mining app markets;Mobile apps}, 
doi={10.1109/SANER.2016.88}, 
month={March},}

@inproceedings{Palomba2017,
 author = {Palomba, Fabio and Salza, Pasquale and Ciurumelea, Adelina and Panichella, Sebastiano and Gall, Harald and Ferrucci, Filomena and De Lucia, Andrea},
 title = {Recommending and Localizing Change Requests for Mobile Apps based on User Reviews},
 booktitle = {Proceedings of the 39th International Conference on Software Engineering},
 series = {ICSE 2017},
 year = {2018},
 location = {Buenos Aires, Argentina},
 pages = {to appear},
 publisher = {ACM}
 } 
 
 @inproceedings{Mao:2016:SMA:2931037.2931054,
 author = {Mao, Ke and Harman, Mark and Jia, Yue},
 title = {Sapienz: Multi-objective Automated Testing for Android Applications},
 booktitle = {Proceedings of the 25th International Symposium on Software Testing and Analysis},
 series = {ISSTA 2016},
 year = {2016},
 isbn = {978-1-4503-4390-9},
 location = {Saarbr\&\#252;cken, Germany},
 pages = {94--105},
 numpages = {12},
 url = {http://doi.acm.org/10.1145/2931037.2931054},
 doi = {10.1145/2931037.2931054},
 acmid = {2931054},
 publisher = {ACM},
 address = {New York, NY, USA},
 keywords = {Android, Search-based software testing, Test generation},
} 


@online{TitcombTelegraph,
 author = {James Titcomb},
 editor = {The Telegraph},
 title = {Mobile web usage overtakes desktop for first time},
 howpublished = {\url{http://www.telegraph.co.uk/technology/2016/11/01/mobile-web-usage-overtakes-desktop-for-first-time/}},
 month = nov,
 year = {2016}
}

@online{statista,
 author = {Statista},
 title = {Number of apps available in leading app stores as of March 2017},
 howpublished = {\url{https://www.statista.com/statistics/276623/number-of-apps-available-in-leading-app-stores/}},
 month = mar,
 year = {2017}
}



@inproceedings{Karlson:2009:WOP:1560004.1560039,
 author = {Karlson, Amy K. and Meyers, Brian R. and Jacobs, Andy and Johns, Paul and Kane, Shaun K.},
 title = {Working Overtime: Patterns of Smartphone and PC Usage in the Day of an Information Worker},
 booktitle = {Proceedings of the 7th International Conference on Pervasive Computing},
 series = {Pervasive '09},
 year = {2009},
 isbn = {978-3-642-01515-1},
 location = {Nara, Japan},
 pages = {398--405},
 numpages = {8},
 url = {http://dx.doi.org/10.1007/978-3-642-01516-8_27},
 doi = {10.1007/978-3-642-01516-8_27},
 acmid = {1560039},
 publisher = {Springer-Verlag},
 address = {Berlin, Heidelberg},
 keywords = {Mobile information work, cross-device interfaces, multiple devices},
} 

@inproceedings{Campbell:2016:UET:2901739.2901766,
 author = {Campbell, Joshua Charles and Santos, Eddie Antonio and Hindle, Abram},
 title = {The Unreasonable Effectiveness of Traditional Information Retrieval in Crash Report Deduplication},
 booktitle = {Proceedings of the 13th International Conference on Mining Software Repositories},
 series = {MSR '16},
 year = {2016},
 isbn = {978-1-4503-4186-8},
 location = {Austin, Texas},
 pages = {269--280},
 numpages = {12},
 url = {http://doi.acm.org/10.1145/2901739.2901766},
 doi = {10.1145/2901739.2901766},
 acmid = {2901766},
 publisher = {ACM},
 address = {New York, NY, USA},
 keywords = {automatic crash reporting, call stack trace, contextual information, deduplication, duplicate bug reports, duplicate crash report, free/open source software, information retrieval, software engineering},
} 

@inproceedings{Dang:2012:RMC:2337223.2337364,
 author = {Dang, Yingnong and Wu, Rongxin and Zhang, Hongyu and Zhang, Dongmei and Nobel, Peter},
 title = {ReBucket: A Method for Clustering Duplicate Crash Reports Based on Call Stack Similarity},
 booktitle = {Proceedings of the 34th International Conference on Software Engineering},
 series = {ICSE '12},
 year = {2012},
 isbn = {978-1-4673-1067-3},
 location = {Zurich, Switzerland},
 pages = {1084--1093},
 numpages = {10},
 url = {http://dl.acm.org/citation.cfm?id=2337223.2337364},
 acmid = {2337364},
 publisher = {IEEE Press},
 address = {Piscataway, NJ, USA},
} 

@inproceedings{DBLP:conf/wcre/CiurumeleaSPG17,
  author    = {Adelina Ciurumelea and
               Andreas Schaufelbuhl and
               Sebastiano Panichella and
               Harald C. Gall},
  editor    = {Martin Pinzger and
               Gabriele Bavota and
               Andrian Marcus},
  title     = {Analyzing reviews and code of mobile apps for better release planning},
  booktitle = {{IEEE} 24th International Conference on Software Analysis, Evolution
               and Reengineering, {SANER} 2017, Klagenfurt, Austria, February 20-24,
               2017},
  pages     = {91--102},
  publisher = {{IEEE} Computer Society},
  year      = {2017},
  url       = {http://dx.doi.org/10.1109/SANER.2017.7884612},
  doi       = {10.1109/SANER.2017.7884612},
  timestamp = {Tue, 28 Mar 2017 11:37:52 +0200},
  biburl    = {http://dblp.uni-trier.de/rec/bib/conf/wcre/CiurumeleaSPG17},
  bibsource = {dblp computer science bibliography, http://dblp.org}
}



@TECHREPORT{DevRelate,
				author = {Evans Data Corporation}, 
				title = {Global Development Population and Demographics Study}, 
				institution = {goo.gl/SKelVs}, 
				year = {2016}
				}

@TECHREPORT{statista,
				author = {Statista - The Statistics Portal}, 
				title = {Number of mobile app downloads worldwide in 2016, 2017 and 2021 (in billions)}, 
				institution = {goo.gl/sOUfk3}, 
				year = {2016}
				}
				

@article{Choi:2013:GGT,
 author = {Choi, Wontae and Necula, George and Sen, Koushik},
 title = {Guided GUI Testing of Android Apps with Minimal Restart and Approximate Learning},
 journal = {SIGPLAN Not.},
 issue_date = {October 2013},
 volume = {48},
 number = {10},
 month = oct,
 year = {2013},
 issn = {0362-1340},
 pages = {623--640},
 numpages = {18},
 url = {http://doi.acm.org/10.1145/2544173.2509552},
 doi = {10.1145/2544173.2509552},
 acmid = {2509552},
 publisher = {ACM},
 address = {New York, NY, USA},
 keywords = {android, automata, gui testing, learning},
} 

@inproceedings{Maji:2010:CFM:1913797.1914381,
 author = {Maji, Amiya Kumar and Hao, Kangli and Sultana, Salmin and Bagchi, Saurabh},
 title = {Characterizing Failures in Mobile OSes: A Case Study with Android and Symbian},
 booktitle = {Proceedings of the 2010 IEEE 21st International Symposium on Software Reliability Engineering},
 series = {ISSRE '10},
 year = {2010},
 isbn = {978-0-7695-4255-3},
 pages = {249--258},
 numpages = {10},
 url = {http://dx.doi.org/10.1109/ISSRE.2010.45},
 doi = {10.1109/ISSRE.2010.45},
 acmid = {1914381},
 publisher = {IEEE Computer Society},
 address = {Washington, DC, USA},
 keywords = {smartphone, reliability, root cause, bug fix, customizability},
}

@inproceedings{Hu:2011:AGT:1982595.1982612,
 author = {Hu, Cuixiong and Neamtiu, Iulian},
 title = {Automating GUI Testing for Android Applications},
 booktitle = {Proceedings of the 6th International Workshop on Automation of Software Test},
 series = {AST '11},
 year = {2011},
 isbn = {978-1-4503-0592-1},
 location = {Waikiki, Honolulu, HI, USA},
 pages = {77--83},
 numpages = {7},
 url = {http://doi.acm.org/10.1145/1982595.1982612},
 doi = {10.1145/1982595.1982612},
 acmid = {1982612},
 publisher = {ACM},
 address = {New York, NY, USA},
 keywords = {empirical bug studies, google android, gui testing, mobile applications, test automation, test case generation},
} 


@inproceedings{Moran:2016:FBR:2889160.2889269,
 author = {Moran, Kevin and Poshyvanyk, Denys},
 title = {Fixing Bug Reporting for Mobile and GUI-based Applications},
 booktitle = {Proceedings of the 38th International Conference on Software Engineering Companion},
 series = {ICSE '16},
 year = {2016},
 isbn = {978-1-4503-4205-6},
 location = {Austin, Texas},
 pages = {831--834},
 numpages = {4},
 url = {http://doi.acm.org/10.1145/2889160.2889269},
 doi = {10.1145/2889160.2889269},
 acmid = {2889269},
 publisher = {ACM},
 address = {New York, NY, USA},
}

@inproceedings{Muccini:2012:STM:2663608.2663615,
 author = {Muccini, Henry and Di Francesco, Antonio and Esposito, Patrizio},
 title = {Software Testing of Mobile Applications: Challenges and Future Research Directions},
 booktitle = {Proceedings of the 7th International Workshop on Automation of Software Test},
 series = {AST '12},
 year = {2012},
 isbn = {978-1-4673-1822-8},
 location = {Zurich, Switzerland},
 pages = {29--35},
 numpages = {7},
 url = {http://dl.acm.org/citation.cfm?id=2663608.2663615},
 acmid = {2663615},
 publisher = {IEEE Press},
 address = {Piscataway, NJ, USA},
}

@inproceedings{DBLP:conf/issta/MaoHJ16,
  author    = {Ke Mao and
               Mark Harman and
               Yue Jia},
  editor    = {Andreas Zeller and
               Abhik Roychoudhury},
  title     = {Sapienz: multi-objective automated testing for Android applications},
  booktitle = {Proceedings of the 25th International Symposium on Software Testing
               and Analysis, {ISSTA} 2016, Saarbr{\"{u}}cken, Germany, July
               18-20, 2016},
  pages     = {94--105},
  publisher = {{ACM}},
  year      = {2016},
  url       = {http://doi.acm.org/10.1145/2931037.2931054},
  doi       = {10.1145/2931037.2931054},
  timestamp = {Thu, 14 Jul 2016 15:39:00 +0200},
  biburl    = {http://dblp.uni-trier.de/rec/bib/conf/issta/MaoHJ16},
  bibsource = {dblp computer science bibliography, http://dblp.org}
}  

@book{BaezaYates:1999,
 author = {Baeza-Yates, Ricardo A. and Ribeiro-Neto, Berthier},
 title = {Modern Information Retrieval},
 year = {1999},
 isbn = {020139829X},
 publisher = {Addison-Wesley Longman Publishing Co., Inc.},
 address = {Boston, MA, USA},
} 

@online{Scikitlearn:GradientBoostingClassifier,
 author = {Scikitlearn},
 title = {Gradient Boosting Classifier},
 howpublished = {\url{http://scikit-learn.org/stable/modules/generated/sklearn.ensemble.GradientBoostingClassifier.html}}
}

@online{n-gram,
 author = {Wikipedia},
 title = {N-grams},
 howpublished = {\url{https://en.wikipedia.org/wiki/N-gram}}
}

@online{Scikitlearn:F1-Score,
 author = {Scikitlearn},
 title = {F1 Score},
 howpublished = {\url{http://http://scikit-learn.org/stable/modules/generated/sklearn.metrics.f1_score.html}}
}

