%Machiry:2013:DIG:2491411.2491450
@inproceedings{dynodroid,
 author = {Machiry, Aravind and Tahiliani, Rohan and Naik, Mayur},
 title = {Dynodroid: An Input Generation System for Android Apps},
 booktitle = {Proceedings of the 2013 9th Joint Meeting on Foundations of Software Engineering},
 series = {ESEC/FSE 2013},
 year = {2013},
 isbn = {978-1-4503-2237-9},
 location = {Saint Petersburg, Russia},
 pages = {224--234},
 numpages = {11},
 url = {http://doi.acm.org/10.1145/2491411.2491450},
 doi = {10.1145/2491411.2491450},
 acmid = {2491450},
 publisher = {ACM},
 address = {New York, NY, USA},
 keywords = {Android, GUI testing, testing event-driven programs},
} 


%Choudhary:2015:ATI:2916135.2916273
@inproceedings{areWeThereYet,
 author = {Choudhary, Shauvik Roy and Gorla, Alessandra and Orso, Alessandro},
 title = {Automated Test Input Generation for Android: Are We There Yet? (E)},
 booktitle = {Proceedings of the 2015 30th IEEE/ACM International Conference on Automated Software Engineering (ASE)},
 series = {ASE '15},
 year = {2015},
 isbn = {978-1-5090-0025-8},
 pages = {429--440},
 numpages = {12},
 url = {http://dx.doi.org/10.1109/ASE.2015.89},
 doi = {10.1109/ASE.2015.89},
 acmid = {2916273},
 publisher = {IEEE Computer Society},
 address = {Washington, DC, USA},
} 

%Mahmood:2014:ESE
@inproceedings{evodroid,
 author = {Mahmood, Riyadh and Mirzaei, Nariman and Malek, Sam},
 title = {EvoDroid: Segmented Evolutionary Testing of Android Apps},
 booktitle = {Proceedings of the 22Nd ACM SIGSOFT International Symposium on Foundations of Software Engineering},
 series = {FSE 2014},
 year = {2014},
 isbn = {978-1-4503-3056-5},
 location = {Hong Kong, China},
 pages = {599--609},
 numpages = {11},
 url = {http://doi.acm.org/10.1145/2635868.2635896},
 doi = {10.1145/2635868.2635896},
 acmid = {2635896},
 publisher = {ACM},
 address = {New York, NY, USA},
 keywords = {Android, Evolutionary Testing, Program Analysis},
} 

%DBLP:conf/icst/MoranVBVP16
@inproceedings{autodiscover,
  author    = {Kevin Moran and
               Mario Linares V{\'{a}}squez and
               Carlos Bernal{-}C{\'{a}}rdenas and
               Christopher Vendome and
               Denys Poshyvanyk},
  title     = {Automatically Discovering, Reporting and Reproducing Android Application
               Crashes},
  booktitle = {2016 {IEEE} International Conference on Software Testing, Verification
               and Validation, {ICST} 2016, Chicago, IL, USA, April 11-15, 2016},
  pages     = {33--44},
  year      = {2016},
  crossref  = {DBLP:conf/icst/2016},
  url       = {http://dx.doi.org/10.1109/ICST.2016.34},
  doi       = {10.1109/ICST.2016.34},
  timestamp = {Tue, 26 Jul 2016 16:03:32 +0200},
  biburl    = {http://dblp.uni-trier.de/rec/bib/conf/icst/MoranVBVP16},
  bibsource = {dblp computer science bibliography, http://dblp.org}
}

%journals/software/AmalfitanoFTTM15
@article{mobiguitar,
  added-at = {2016-01-12T00:00:00.000+0100},
  author = {Amalfitano, Domenico and Fasolino, Anna Rita and Tramontana, Porfirio and Ta, Bryan Dzung and Memon, Atif M.},
  biburl = {https://www.bibsonomy.org/bibtex/27c5d2f57b4f550c61ef88f3e100ddc95/dblp},
  ee = {http://doi.ieeecomputersociety.org/10.1109/MS.2014.55},
  interhash = {1469518783a7e4c989f4d5c72ec6cf70},
  intrahash = {7c5d2f57b4f550c61ef88f3e100ddc95},
  journal = {IEEE Software},
  keywords = {dblp},
  number = 5,
  pages = {53-59},
  timestamp = {2016-01-13T11:45:14.000+0100},
  title = {MobiGUITAR: Automated Model-Based Testing of Mobile Apps.},
  url = {http://dblp.uni-trier.de/db/journals/software/software32.html#AmalfitanoFTTM15},
  volume = 32,
  year = 2015
}

%Choi:2013:GGT
@article{guidedgui,
 author = {Choi, Wontae and Necula, George and Sen, Koushik},
 title = {Guided GUI Testing of Android Apps with Minimal Restart and Approximate Learning},
 journal = {SIGPLAN Not.},
 issue_date = {October 2013},
 volume = {48},
 number = {10},
 month = oct,
 year = {2013},
 issn = {0362-1340},
 pages = {623--640},
 numpages = {18},
 url = {http://doi.acm.org/10.1145/2544173.2509552},
 doi = {10.1145/2544173.2509552},
 acmid = {2509552},
 publisher = {ACM},
 address = {New York, NY, USA},
 keywords = {android, automata, gui testing, learning},
} 

%Linares-Vasquez:2015
@inproceedings{mining,
 author = {Linares-V\'{a}squez, Mario and White, Martin and Bernal-C\'{a}rdenas, Carlos and Moran, Kevin and Poshyvanyk, Denys},
 title = {Mining Android App Usages for Generating Actionable GUI-based Execution Scenarios},
 booktitle = {Proceedings of the 12th Working Conference on Mining Software Repositories},
 series = {MSR '15},
 year = {2015},
 isbn = {978-0-7695-5594-2},
 location = {Florence, Italy},
 pages = {111--122},
 numpages = {12},
 url = {http://dl.acm.org/citation.cfm?id=2820518.2820534},
 acmid = {2820534},
 publisher = {IEEE Press},
 address = {Piscataway, NJ, USA},
 keywords = {GUI models, mining execution traces and event logs, mobile apps, statistical language models},
} 



@ARTICLE{Martin:tse2017, 
author={W. Martin and F. Sarro and Y. Jia and Y. Zhang and M. Harman}, 
journal={IEEE Transactions on Software Engineering}, 
title={A Survey of App Store Analysis for Software Engineering}, 
year={2016}, 
volume={PP}, 
number={99}, 
pages={1-1}, 
keywords={Ecosystems;Google;Market research;Mobile communication;Security;Software;Software engineering;API;App Store;analysis;ecosystem;feature;mining;release planning;requirements engineering;reviews;security}, 
doi={10.1109/TSE.2016.2630689}, 
ISSN={0098-5589}, 
month={},}


@online{monkey,
 author = {Google},
 title = {Android Monkey},
 howpublished = {\url{http://developer.android.com/tools/help/monkey.html}}
}


@online{monkey_2,
 title = {What is Monkey testing? Types, Advantages and Disadvantages},
 howpublished = {\url{http://istqbexamcertification.com/what-is-monkey-testing-advantages-and-disadvantages/}}
}

 @inproceedings{sapienz,
 author = {Mao, Ke and Harman, Mark and Jia, Yue},
 title = {Sapienz: Multi-objective Automated Testing for Android Applications},
 booktitle = {Proceedings of the 25th International Symposium on Software Testing and Analysis},
 series = {ISSTA 2016},
 year = {2016},
 isbn = {978-1-4503-4390-9},
 location = {Saarbr\&\#252;cken, Germany},
 pages = {94--105},
 numpages = {12},
 url = {http://doi.acm.org/10.1145/2931037.2931054},
 doi = {10.1145/2931037.2931054},
 acmid = {2931054},
 publisher = {ACM},
 address = {New York, NY, USA},
 keywords = {Android, Search-based software testing, Test generation},
} 




